[gd_scene load_steps=14 format=2]

[ext_resource path="res://ui/safeareas/SafeAreas.gd" type="Script" id=1]
[ext_resource path="res://ui/events/Events.tscn" type="PackedScene" id=2]
[ext_resource path="res://ui/hint/Hint.tscn" type="PackedScene" id=3]
[ext_resource path="res://ui/closedcaptions/ClosedCaptions.tscn" type="PackedScene" id=4]
[ext_resource path="res://ui/pausemenu/PauseMenu.tscn" type="PackedScene" id=5]
[ext_resource path="res://ui/scan/Scan.tscn" type="PackedScene" id=6]
[ext_resource path="res://ui/achievement/Achievement.tscn" type="PackedScene" id=7]
[ext_resource path="res://ui/shop/Shop.tscn" type="PackedScene" id=8]
[ext_resource path="res://ui/loading/Loading.tscn" type="PackedScene" id=9]
[ext_resource path="res://ui/stats/Stats.tscn" type="PackedScene" id=10]

[sub_resource type="StyleBoxFlat" id=1]
bg_color = Color( 0.32549, 0.788235, 0.160784, 1 )

[sub_resource type="StyleBoxFlat" id=2]
bg_color = Color( 0.160784, 0.2, 0.788235, 1 )

[sub_resource type="StyleBoxFlat" id=3]
bg_color = Color( 0.788235, 0.160784, 0.160784, 1 )

[node name="SafeAreas" type="Control"]
anchor_right = 1.0
anchor_bottom = 1.0
mouse_filter = 2
script = ExtResource( 1 )
__meta__ = {
"_edit_use_anchors_": false
}
main_size = Vector2( 1500, 1024 )

[node name="Center" type="Control" parent="."]
anchor_left = 0.5
anchor_top = 0.5
anchor_right = 0.5
anchor_bottom = 0.5
margin_left = -20.0
margin_top = -20.0
margin_right = 20.0
margin_bottom = 20.0
mouse_filter = 2
__meta__ = {
"_edit_use_anchors_": false
}

[node name="MainArea" type="Control" parent="Center"]
anchor_left = 0.5
anchor_top = 0.5
anchor_right = 0.5
anchor_bottom = 0.5
margin_left = -750.0
margin_top = -512.0
margin_right = 750.0
margin_bottom = 512.0
mouse_filter = 2
__meta__ = {
"_edit_use_anchors_": false
}

[node name="Debug" type="Panel" parent="Center/MainArea"]
visible = false
anchor_right = 1.0
anchor_bottom = 1.0
mouse_filter = 2
custom_styles/panel = SubResource( 1 )
__meta__ = {
"_edit_use_anchors_": false
}

[node name="ClosedCaptions" parent="Center/MainArea" instance=ExtResource( 4 )]
mouse_filter = 2

[node name="Scan" parent="Center/MainArea" instance=ExtResource( 6 )]
visible = false
mouse_filter = 2

[node name="Achievement" parent="Center/MainArea" instance=ExtResource( 7 )]
anchor_bottom = 0.0
margin_bottom = 80.0
mouse_filter = 2

[node name="Stats" parent="Center/MainArea" instance=ExtResource( 10 )]
margin_left = 257.049
margin_top = -275.843
margin_right = 297.049
margin_bottom = -235.843
mouse_filter = 2

[node name="Events" parent="Center/MainArea" instance=ExtResource( 2 )]

[node name="FocusArea" type="Control" parent="Center"]
anchor_left = 0.5
anchor_top = 0.5
anchor_right = 0.5
anchor_bottom = 0.5
margin_left = -142.0
margin_top = -130.0
margin_right = 142.0
margin_bottom = 130.0
mouse_filter = 2
__meta__ = {
"_edit_use_anchors_": false
}

[node name="Debug" type="Panel" parent="Center/FocusArea"]
visible = false
anchor_right = 1.0
anchor_bottom = 1.0
mouse_filter = 2
custom_styles/panel = SubResource( 2 )
__meta__ = {
"_edit_use_anchors_": false
}

[node name="Hint" parent="Center/FocusArea" instance=ExtResource( 3 )]
mouse_filter = 2

[node name="Full" type="Control" parent="."]
anchor_right = 1.0
anchor_bottom = 1.0
mouse_filter = 2
__meta__ = {
"_edit_use_anchors_": false
}

[node name="Debug" type="Panel" parent="Full"]
visible = false
anchor_right = 1.0
anchor_bottom = 1.0
mouse_filter = 1
custom_styles/panel = SubResource( 3 )
__meta__ = {
"_edit_use_anchors_": false
}

[node name="PauseMenu" parent="Full" instance=ExtResource( 5 )]
anchor_left = 0.5
anchor_top = 0.5
anchor_right = 0.5
anchor_bottom = 0.5
margin_left = -125.0
margin_top = -250.0
margin_right = 125.0
margin_bottom = 250.0

[node name="Loading" parent="Full" instance=ExtResource( 9 )]
mouse_filter = 1

[node name="Shop" parent="Full" instance=ExtResource( 8 )]
visible = false
