[gd_scene load_steps=7 format=2]

[ext_resource path="res://texture/ui/target_scan.png" type="Texture" id=1]
[ext_resource path="res://texture/ui/circle.png" type="Texture" id=2]

[sub_resource type="QuadMesh" id=1]
size = Vector2( 0.1, 0.1 )

[sub_resource type="SpatialMaterial" id=2]
render_priority = 127
flags_transparent = true
flags_unshaded = true
flags_vertex_lighting = true
flags_no_depth_test = true
flags_fixed_size = true
params_billboard_mode = 1
params_billboard_keep_scale = true
albedo_texture = ExtResource( 1 )

[sub_resource type="QuadMesh" id=3]
size = Vector2( 0.11, 0.11 )

[sub_resource type="SpatialMaterial" id=4]
flags_transparent = true
flags_unshaded = true
flags_vertex_lighting = true
flags_no_depth_test = true
flags_fixed_size = true
params_specular_mode = 4
params_cull_mode = 2
albedo_texture = ExtResource( 2 )

[node name="TargetScan" type="Spatial"]

[node name="MeshInstance" type="MeshInstance" parent="."]
mesh = SubResource( 1 )
material/0 = SubResource( 2 )

[node name="MeshInstance2" type="MeshInstance" parent="."]
mesh = SubResource( 3 )
material/0 = SubResource( 4 )

[node name="MeshInstance3" type="MeshInstance" parent="."]
transform = Transform( 1, 0, 0, 0, -4.37114e-08, 1, 0, -1, -4.37114e-08, 0, 0, 0 )
mesh = SubResource( 3 )
material/0 = SubResource( 4 )

[node name="MeshInstance4" type="MeshInstance" parent="."]
transform = Transform( -4.37114e-08, 4.37114e-08, -1, 1, 1.91069e-15, -4.37114e-08, 0, -1, -4.37114e-08, 0, 0, 0 )
mesh = SubResource( 3 )
material/0 = SubResource( 4 )
