[gd_scene load_steps=6 format=3 uid="uid://dwbdu7c70rbo8"]

[ext_resource type="Script" path="res://actor/townsperson/townsperson.gd" id="1_sppx3"]
[ext_resource type="PackedScene" uid="uid://7s60qsa726cs" path="res://actor/basic_controller.tscn" id="2_dsmxu"]
[ext_resource type="PackedScene" uid="uid://bfwgfum42jid2" path="res://actor/modules/speech.tscn" id="3_i0ln0"]
[ext_resource type="PackedScene" uid="uid://b86ndu1rpaue6" path="res://actor/modules/vision.tscn" id="4_p8tcn"]

[sub_resource type="SphereShape3D" id="SphereShape3D_l8i2n"]
radius = 0.7

[node name="townsperson" type="Node3D"]
script = ExtResource("1_sppx3")
mode = 1

[node name="basic_controller" parent="." instance=ExtResource("2_dsmxu")]
max_contacts_reported = 0
contact_monitor = false
rotation_speed = 10.0
movement_speed = 3.5
metadata/speech_path = NodePath("speech")
metadata/townsperson_path = NodePath("..")

[node name="speech" parent="basic_controller" instance=ExtResource("3_i0ln0")]

[node name="RayCast3D" type="RayCast3D" parent="basic_controller"]

[node name="vision" parent="basic_controller" instance=ExtResource("4_p8tcn")]
transform = Transform3D(1, 0, 0, 0, 1, 0, 0, 0, 1, 0, 0.8, 0)

[node name="Area3D" type="Area3D" parent="basic_controller"]

[node name="CollisionShape3D" type="CollisionShape3D" parent="basic_controller/Area3D"]
shape = SubResource("SphereShape3D_l8i2n")

[connection signal="body_entered" from="basic_controller" to="." method="_on_basic_controller_body_entered"]
[connection signal="seen_valuable_thingy" from="basic_controller/vision" to="." method="_on_vision_seen_valuable_thingy"]
[connection signal="body_entered" from="basic_controller/Area3D" to="." method="_on_area_3d_body_entered"]
