[gd_scene load_steps=13 format=2]

[ext_resource path="res://world/tree/Tree.gd" type="Script" id=1]
[ext_resource path="res://shader/Leaves.shader" type="Shader" id=2]
[ext_resource path="res://world/foliage/Detail.tscn" type="PackedScene" id=3]
[ext_resource path="res://shader/Grass.shader" type="Shader" id=5]
[ext_resource path="res://mesh/tree/Trunk.tscn" type="PackedScene" id=6]

[sub_resource type="ShaderMaterial" id=1]
shader = ExtResource( 2 )

[sub_resource type="SphereMesh" id=2]
radius = 1.5
height = 3.0
radial_segments = 5
rings = 7

[sub_resource type="SpatialMaterial" id=3]
albedo_color = Color( 0.682353, 0.8, 0.117647, 1 )

[sub_resource type="CylinderShape" id=4]
radius = 0.688732
height = 5.80615

[sub_resource type="SphereShape" id=5]
radius = 4.7917

[sub_resource type="ShaderMaterial" id=6]
shader = ExtResource( 5 )
shader_param/wind_scale = 1.2
shader_param/wind_speed = 1.0
shader_param/deg_sway_pitch_max = 0.2
shader_param/deg_sway_yaw_max = 4.2
shader_param/sway_randomness = Vector2( 0.1, 0.2 )
shader_param/specular_level = 0.283
shader_param/wind_direction = Vector3( 0, 0, 1 )
shader_param/color_top = Color( 0.137255, 0.721569, 0.0352941, 1 )
shader_param/color_bot = Color( 0.0196078, 0.219608, 0.101961, 1 )
shader_param/rand_pitch = 0.1
shader_param/rand_yaw = 0.1

[sub_resource type="ShaderMaterial" id=7]
shader = ExtResource( 5 )
shader_param/wind_scale = 1.2
shader_param/wind_speed = 1.0
shader_param/deg_sway_pitch_max = 0.2
shader_param/deg_sway_yaw_max = 4.2
shader_param/sway_randomness = Vector2( 0.1, 0.2 )
shader_param/specular_level = 0.283
shader_param/wind_direction = Vector3( 0, 0, 1 )
shader_param/color_top = Color( 0.137255, 0.721569, 0.0352941, 1 )
shader_param/color_bot = Color( 0.00392157, 0.368627, 0.156863, 1 )
shader_param/rand_pitch = 0.1
shader_param/rand_yaw = 0.1

[node name="Tree" type="MultiMeshInstance"]
material_override = SubResource( 1 )
script = ExtResource( 1 )
radius_max = 1.413
scale_variation = 0.222

[node name="Trunk" parent="." instance=ExtResource( 6 )]

[node name="Ref" type="Spatial" parent="."]
visible = false

[node name="MeshInstance2" type="MeshInstance" parent="Ref"]
transform = Transform( 1, 0, 0, 0, 1, 0, 0, 0, 1, 1.04478, 6, 0 )
mesh = SubResource( 2 )
material/0 = SubResource( 3 )

[node name="MeshInstance3" type="MeshInstance" parent="Ref"]
transform = Transform( 0.908099, 0, 0.418755, 0, 1, 0, -0.418755, 0, 0.908099, 0.272932, 7.38283, -0.554132 )
mesh = SubResource( 2 )
material/0 = SubResource( 3 )

[node name="MeshInstance4" type="MeshInstance" parent="Ref"]
transform = Transform( 0.953927, 0, -0.30004, 0, 1, 0, 0.30004, 0, 0.953927, -0.95606, 6.14105, 0.683696 )
mesh = SubResource( 2 )
material/0 = SubResource( 3 )

[node name="MeshInstance6" type="MeshInstance" parent="Ref"]
transform = Transform( 1, 0, 0, 0, 1, 0, 0, 0, 1, 0.444628, 6.84283, 0.675038 )
mesh = SubResource( 2 )
material/0 = SubResource( 3 )

[node name="MeshInstance5" type="MeshInstance" parent="Ref"]
transform = Transform( 0.780256, 0, 0.625461, 0, 1, 0, -0.625461, 0, 0.780256, -0.543849, 5.2496, -1.50439 )
mesh = SubResource( 2 )
material/0 = SubResource( 3 )

[node name="StaticBody" type="StaticBody" parent="."]

[node name="CollisionTrunk" type="CollisionShape" parent="StaticBody"]
transform = Transform( 1, 0, 0, 0, 1, 0, 0, 0, 1, 0, 2.883, 0 )
shape = SubResource( 4 )

[node name="CollisionTop" type="CollisionShape" parent="StaticBody"]
transform = Transform( 1, 0, -1.49012e-08, 0, 1, 0, 1.49012e-08, 0, 1, 0, 6, 0 )
shape = SubResource( 5 )

[node name="DetailClose" parent="." instance=ExtResource( 3 )]
material_override = SubResource( 6 )
radius = 0.63
angle_variation = 0.0
count = 50
width_min_max = Vector2( 0.15, 0.25 )
height_min_max = Vector2( 0.04, 0.7 )

[node name="DetailFar" parent="." instance=ExtResource( 3 )]
material_override = SubResource( 7 )
radius = 0.9
angle_variation = 0.0
count = 50
width_min_max = Vector2( 0.05, 0.07 )
height_min_max = Vector2( 0.04, 0.3 )
