[gd_scene load_steps=13 format=2]

[ext_resource path="res://world/Microgravity.tscn" type="PackedScene" id=1]
[ext_resource path="res://world/space_stuff/ImmediateDeathAndDestruction.tscn" type="PackedScene" id=2]
[ext_resource path="res://world/BlackHole.gd" type="Script" id=3]
[ext_resource path="res://shader/BlackHoleWarpEffect.tres" type="Shader" id=4]
[ext_resource path="res://texture/effect/light.png" type="Texture" id=5]

[sub_resource type="Curve" id=15]
_data = [ Vector2( 0, 0 ), 0.0, 0.0, 0, 0, Vector2( 0.407059, 0.768182 ), 3.67046, 3.67046, 0, 0, Vector2( 0.896471, 0.386364 ), 0.0, 0.0, 0, 0, Vector2( 1, 0 ), 0.0, 0.0, 0, 0 ]

[sub_resource type="CurveTexture" id=16]
width = 64
curve = SubResource( 15 )

[sub_resource type="ParticlesMaterial" id=18]
emission_shape = 1
emission_sphere_radius = 25.0
gravity = Vector3( 0, 0, 0 )
initial_velocity = 4.5
damping = 4.05
angle = 720.0
angle_random = 1.0
scale = 45.49
scale_random = 1.0
scale_curve = SubResource( 16 )

[sub_resource type="SpatialMaterial" id=17]
flags_transparent = true
flags_unshaded = true
flags_disable_ambient_light = true
params_specular_mode = 4
params_blend_mode = 1
params_cull_mode = 2
params_billboard_mode = 1
params_billboard_keep_scale = true
albedo_color = Color( 1, 1, 1, 0.478431 )
albedo_texture = ExtResource( 5 )

[sub_resource type="QuadMesh" id=14]
material = SubResource( 17 )

[sub_resource type="QuadMesh" id=4]
size = Vector2( 400, 400 )

[sub_resource type="ShaderMaterial" id=5]
render_priority = 10
shader = ExtResource( 4 )
shader_param/albedo = Color( 1, 1, 1, 0 )
shader_param/ring_glow = 1.0
shader_param/specular = 0.5
shader_param/metallic = 0.0
shader_param/roughness = 1.0
shader_param/point_size = 1.0
shader_param/refraction = 0.07
shader_param/refraction_texture_channel = Plane( 1, 0, 0, 0 )
shader_param/uv1_scale = Vector3( 1, 1, 1 )
shader_param/uv1_offset = Vector3( 0, 0, 0 )
shader_param/uv2_scale = Vector3( 1, 1, 1 )
shader_param/uv2_offset = Vector3( 0, 0, 0 )

[node name="BlackHole" type="Spatial"]
script = ExtResource( 3 )

[node name="Particles" type="Particles" parent="."]
transform = Transform( 2, 0, 0, 0, 2, 0, 0, 0, 2, 0, 0, 0 )
amount = 1000
lifetime = 10.0
visibility_aabb = AABB( -64, -64, -64, 128, 128, 128 )
process_material = SubResource( 18 )
draw_pass_1 = SubResource( 14 )

[node name="WarpEffect" type="MeshInstance" parent="."]
mesh = SubResource( 4 )
material/0 = SubResource( 5 )

[node name="OmniLight" type="OmniLight" parent="."]
light_energy = 5.0
omni_range = 1000.0
omni_shadow_mode = 0

[node name="ImmediateDeathAndDestruction" parent="." instance=ExtResource( 2 )]

[node name="Microgravity" parent="." instance=ExtResource( 1 )]
gravity_strength = 90.0

[editable path="ImmediateDeathAndDestruction"]
[editable path="Microgravity"]
