[gd_scene load_steps=10 format=2]

[ext_resource path="res://actor/bee/driver/Driver.tscn" type="PackedScene" id=1]
[ext_resource path="res://actor/butterfly/Butterfly.shader" type="Shader" id=2]
[ext_resource path="res://actor/butterfly/Butterfly.gd" type="Script" id=3]
[ext_resource path="res://actor/butterfly/Wings.gd" type="Script" id=4]

[sub_resource type="CapsuleShape" id=1]
radius = 0.0259416
height = 0.115105

[sub_resource type="SphereMesh" id=2]
radius = 0.01
height = 0.015
radial_segments = 4
rings = 1

[sub_resource type="SpatialMaterial" id=3]
albedo_color = Color( 0, 0, 0, 1 )

[sub_resource type="PlaneMesh" id=4]
size = Vector2( 0.3, 0.3 )
subdivide_width = 1
subdivide_depth = 1

[sub_resource type="ShaderMaterial" id=5]
resource_local_to_scene = true
shader = ExtResource( 2 )
shader_param/fly_intensity = 1.0
shader_param/wing_color = Color( 0.0313726, 0.356863, 0.976471, 1 )

[node name="Butterfly" type="Spatial"]
script = ExtResource( 3 )

[node name="Driver" parent="." instance=ExtResource( 1 )]
mass = 0.15

[node name="CollisionShape" type="CollisionShape" parent="Driver"]
transform = Transform( 1, 0, 0, 0, 1, 0, 0, 0, 1, 0, 0, 0.00640279 )
shape = SubResource( 1 )

[node name="Body" type="Spatial" parent="Driver"]

[node name="MeshInstance" type="MeshInstance" parent="Driver/Body"]
transform = Transform( 1, 0, 0, 0, 1, 0, 0, 0, 8, 0, 0, 0 )
mesh = SubResource( 2 )
material/0 = SubResource( 3 )

[node name="Wings" type="Spatial" parent="Driver"]
script = ExtResource( 4 )
color = Color( 0.0313726, 0.356863, 0.976471, 1 )

[node name="MeshInstance" type="MeshInstance" parent="Driver/Wings"]
mesh = SubResource( 4 )
material/0 = SubResource( 5 )
