[gd_scene load_steps=13 format=2]

[ext_resource path="res://world/foliage/flower/daisy/Daisy.gd" type="Script" id=1]
[ext_resource path="res://script/class/VolatileMultiMesh.gd" type="Script" id=2]
[ext_resource path="res://shader/foliage/Grass.shader" type="Shader" id=3]
[ext_resource path="res://shader/foliage/flower/daisy/DaisyTop.shader" type="Shader" id=4]
[ext_resource path="res://shader/foliage/flower/daisy/DaisyStem.shader" type="Shader" id=5]

[sub_resource type="ShaderMaterial" id=1]
shader = ExtResource( 3 )
shader_param/wind_scale = 1.2
shader_param/wind_speed = 1.0
shader_param/deg_sway_pitch_max = 1.0
shader_param/deg_sway_yaw_max = 25.0
shader_param/sway_randomness = Vector2( 0.1, 0.2 )
shader_param/specular_level = 0.212
shader_param/wind_direction = Vector3( 0, 0, 1 )
shader_param/color_top = Color( 1, 1, 1, 1 )
shader_param/color_bot = Color( 0.741176, 0.741176, 0.741176, 1 )
shader_param/rand_pitch = 0.1
shader_param/rand_yaw = 0.1

[sub_resource type="ArrayMesh" id=2]
custom_aabb = AABB( -0.5, 0, -0.5, 0.5, 1, 1 )
surfaces/0 = {
"aabb": AABB( -0.5, 0, 0, 1, 1, 1e-05 ),
"array_data": PoolByteArray( 0, 0, 0, 191, 0, 0, 0, 0, 0, 0, 0, 0, 0, 0, 0, 0, 0, 0, 0, 63, 0, 0, 0, 0, 0, 0, 0, 0, 0, 0, 0, 0, 0, 0, 0, 0, 0, 0, 128, 63, 0, 0, 0, 0, 0, 60, 0, 60 ),
"array_index_data": PoolByteArray(  ),
"blend_shape_data": [  ],
"format": 97313,
"index_count": 0,
"primitive": 4,
"skeleton_aabb": [  ],
"vertex_count": 3
}

[sub_resource type="MultiMesh" id=3]
transform_format = 1
custom_data_format = 2
instance_count = 18
mesh = SubResource( 2 )
script = ExtResource( 2 )
delete_mesh_data = true

[sub_resource type="SphereMesh" id=4]
radius = 0.021
height = 0.01
radial_segments = 10
rings = 1
is_hemisphere = true

[sub_resource type="ShaderMaterial" id=5]
shader = ExtResource( 4 )
shader_param/albedo = Color( 0.933333, 0.721569, 0, 1 )

[sub_resource type="CylinderMesh" id=6]
top_radius = 0.001
bottom_radius = 0.005
height = 0.1
radial_segments = 4
rings = 1

[sub_resource type="ShaderMaterial" id=7]
shader = ExtResource( 5 )
shader_param/albedo = Color( 0.101961, 0.270588, 0.0627451, 1 )

[node name="Daisy" type="Spatial"]
script = ExtResource( 1 )
radius = 0.019
angle_top_leaf = 70.776
angle_variation = 0.0
count = 18.738
width_min_max = Vector2( 0.02, 0.02 )
height_min_max = Vector2( 0.04, 0.04 )

[node name="Top" type="Spatial" parent="."]
transform = Transform( 1, 0, 0, 0, 1, 0, 0, 0, 1, 0, 0.0962474, 0 )

[node name="MultiMeshInstance" type="MultiMeshInstance" parent="Top"]
material_override = SubResource( 1 )
multimesh = SubResource( 3 )

[node name="MeshInstance" type="MeshInstance" parent="Top"]
transform = Transform( 1.00202, 0, -0.309373, 0, 1.0003, 0, 0.309373, 0, 1.00202, 0, -0.000209808, 0 )
mesh = SubResource( 4 )
material/0 = SubResource( 5 )

[node name="Stem" type="Spatial" parent="."]

[node name="MeshInstance" type="MeshInstance" parent="Stem"]
transform = Transform( 1, 0, 0, 0, 1, 0, 0, 0, 1, 2.21282e-05, 0.0478918, 6.44028e-05 )
mesh = SubResource( 6 )
material/0 = SubResource( 7 )

